<?xml version="1.0" encoding="UTF-8"?>
  <record xmlns="http://www.loc.gov/MARC21/slim" type="Authority">
    <leader>00000nz  a2200000nc 4500</leader>
    <controlfield tag="001">118794817</controlfield>
    <controlfield tag="003">DE-101</controlfield>
    <controlfield tag="005">20220309171210.0</controlfield>
    <controlfield tag="008">880701n||azznnaabn           | aaa    |c</controlfield>
    <datafield tag="024" ind1="7" ind2=" ">
      <subfield code="a">118794817</subfield>
      <subfield code="0">http://d-nb.info/gnd/118794817</subfield>
      <subfield code="2">gnd</subfield>
    </datafield>
    <datafield tag="035" ind1=" " ind2=" ">
      <subfield code="a">(DE-101)118794817</subfield>
    </datafield>
    <datafield tag="035" ind1=" " ind2=" ">
      <subfield code="a">(DE-588)118794817</subfield>
    </datafield>
    <datafield tag="035" ind1=" " ind2=" ">
      <subfield code="z">(DE-588a)118794817</subfield>
      <subfield code="9">v:zg</subfield>
    </datafield>
    <datafield tag="035" ind1=" " ind2=" ">
      <subfield code="z">(DE-588c)4112264-1</subfield>
      <subfield code="9">v:zg</subfield>
    </datafield>
    <datafield tag="040" ind1=" " ind2=" ">
      <subfield code="a">DE-101</subfield>
      <subfield code="c">DE-101</subfield>
      <subfield code="9">r:DE-101</subfield>
      <subfield code="b">ger</subfield>
      <subfield code="d">9999</subfield>
    </datafield>
    <datafield tag="042" ind1=" " ind2=" ">
      <subfield code="a">gnd1</subfield>
    </datafield>
    <datafield tag="043" ind1=" " ind2=" ">
      <subfield code="c">XA-IT</subfield>
    </datafield>
    <datafield tag="065" ind1=" " ind2=" ">
      <subfield code="a">31.3p</subfield>
      <subfield code="2">sswd</subfield>
    </datafield>
    <datafield tag="075" ind1=" " ind2=" ">
      <subfield code="b">p</subfield>
      <subfield code="2">gndgen</subfield>
    </datafield>
    <datafield tag="075" ind1=" " ind2=" ">
      <subfield code="b">piz</subfield>
      <subfield code="2">gndspec</subfield>
    </datafield>
    <datafield tag="079" ind1=" " ind2=" ">
      <subfield code="a">g</subfield>
      <subfield code="q">s</subfield>
      <subfield code="q">f</subfield>
      <subfield code="q">a</subfield>
      <subfield code="q">d</subfield>
      <subfield code="u">v</subfield>
      <subfield code="u">w</subfield>
      <subfield code="u">o</subfield>
    </datafield>
    <datafield tag="100" ind1="1" ind2=" ">
      <subfield code="a">Scamozzi, Vincenzo</subfield>
      <subfield code="d">1548-1616</subfield>
    </datafield>
    <datafield tag="375" ind1=" " ind2=" ">
      <subfield code="a">1</subfield>
      <subfield code="2">iso5218</subfield>
    </datafield>
    <datafield tag="400" ind1="1" ind2=" ">
      <subfield code="a">Schamozzi, Vincentz</subfield>
      <subfield code="d">1548-1616</subfield>
    </datafield>
    <datafield tag="400" ind1="1" ind2=" ">
      <subfield code="a">Schamozzy, Vinsent</subfield>
      <subfield code="d">1548-1616</subfield>
    </datafield>
    <datafield tag="400" ind1="1" ind2=" ">
      <subfield code="a">Scamozzi, Vicenzo</subfield>
      <subfield code="d">1548-1616</subfield>
    </datafield>
    <datafield tag="400" ind1="1" ind2=" ">
      <subfield code="a">Scamozz, Vincent</subfield>
      <subfield code="d">1548-1616</subfield>
    </datafield>
    <datafield tag="400" ind1="1" ind2=" ">
      <subfield code="a">Scamozzi, Vincentius</subfield>
      <subfield code="d">1548-1616</subfield>
    </datafield>
    <datafield tag="400" ind1="1" ind2=" ">
      <subfield code="a">Scamozzi, Vincent</subfield>
      <subfield code="d">1548-1616</subfield>
    </datafield>
    <datafield tag="548" ind1=" " ind2=" ">
      <subfield code="a">02.09.1548-07.08.1616</subfield>
      <subfield code="4">datx</subfield>
      <subfield code="4">https://d-nb.info/standards/elementset/gnd#dateOfBirthAndDeath</subfield>
      <subfield code="w">r</subfield>
      <subfield code="i">Exakte Lebensdaten</subfield>
    </datafield>
    <datafield tag="548" ind1=" " ind2=" ">
      <subfield code="a">XX.XX.1552-07.08.1616</subfield>
      <subfield code="4">datx</subfield>
      <subfield code="4">https://d-nb.info/standards/elementset/gnd#dateOfBirthAndDeath</subfield>
      <subfield code="w">r</subfield>
      <subfield code="i">Exakte Lebensdaten</subfield>
    </datafield>
    <datafield tag="548" ind1=" " ind2=" ">
      <subfield code="a">1548-1616</subfield>
      <subfield code="4">datl</subfield>
      <subfield code="4">https://d-nb.info/standards/elementset/gnd#dateOfBirthAndDeath</subfield>
      <subfield code="w">r</subfield>
      <subfield code="i">Lebensdaten</subfield>
      <subfield code="9">v:abweichendes Geburtsjahr 1552 in Archivio Biogr. Ital. (WBIS)</subfield>
    </datafield>
    <datafield tag="548" ind1=" " ind2=" ">
      <subfield code="a">1552-1616</subfield>
      <subfield code="4">datl</subfield>
      <subfield code="4">https://d-nb.info/standards/elementset/gnd#dateOfBirthAndDeath</subfield>
      <subfield code="w">r</subfield>
      <subfield code="i">Lebensdaten</subfield>
    </datafield>
    <datafield tag="550" ind1=" " ind2=" ">
      <subfield code="0">(DE-101)040028445</subfield>
      <subfield code="0">(DE-588)4002844-6</subfield>
      <subfield code="0">https://d-nb.info/gnd/4002844-6</subfield>
      <subfield code="a">Architekt</subfield>
      <subfield code="4">berc</subfield>
      <subfield code="4">https://d-nb.info/standards/elementset/gnd#professionOrOccupation</subfield>
      <subfield code="w">r</subfield>
      <subfield code="i">Charakteristischer Beruf</subfield>
    </datafield>
    <datafield tag="550" ind1=" " ind2=" ">
      <subfield code="0">(DE-101)040533093</subfield>
      <subfield code="0">(DE-588)4053309-8</subfield>
      <subfield code="0">https://d-nb.info/gnd/4053309-8</subfield>
      <subfield code="a">Schriftsteller</subfield>
      <subfield code="4">beru</subfield>
      <subfield code="4">https://d-nb.info/standards/elementset/gnd#professionOrOccupation</subfield>
      <subfield code="w">r</subfield>
      <subfield code="i">Beruf</subfield>
    </datafield>
    <datafield tag="551" ind1=" " ind2=" ">
      <subfield code="0">(DE-101)040634450</subfield>
      <subfield code="0">(DE-588)4063445-0</subfield>
      <subfield code="0">https://d-nb.info/gnd/4063445-0</subfield>
      <subfield code="a">Vicenza</subfield>
      <subfield code="4">ortg</subfield>
      <subfield code="4">https://d-nb.info/standards/elementset/gnd#placeOfBirth</subfield>
      <subfield code="w">r</subfield>
      <subfield code="i">Geburtsort</subfield>
    </datafield>
    <datafield tag="551" ind1=" " ind2=" ">
      <subfield code="0">(DE-101)04062501X</subfield>
      <subfield code="0">(DE-588)4062501-1</subfield>
      <subfield code="0">https://d-nb.info/gnd/4062501-1</subfield>
      <subfield code="a">Venedig</subfield>
      <subfield code="4">orts</subfield>
      <subfield code="4">https://d-nb.info/standards/elementset/gnd#placeOfDeath</subfield>
      <subfield code="w">r</subfield>
      <subfield code="i">Sterbeort</subfield>
    </datafield>
    <datafield tag="667" ind1=" " ind2=" ">
      <subfield code="a">12</subfield>
    </datafield>
    <datafield tag="667" ind1=" " ind2=" ">
      <subfield code="a">7</subfield>
    </datafield>
    <datafield tag="667" ind1=" " ind2=" ">
      <subfield code="a">384</subfield>
    </datafield>
    <datafield tag="667" ind1=" " ind2=" ">
      <subfield code="a">VD-17</subfield>
    </datafield>
    <datafield tag="667" ind1=" " ind2=" ">
      <subfield code="a">DBSM</subfield>
    </datafield>
    <datafield tag="667" ind1=" " ind2=" ">
      <subfield code="a">Geburtsdatum nach eigenen Angaben: 1548.</subfield>
      <subfield code="5">CH-ZuETHN</subfield>
    </datafield>
    <datafield tag="670" ind1=" " ind2=" ">
      <subfield code="a">Thieme-Becker</subfield>
    </datafield>
    <datafield tag="670" ind1=" " ind2=" ">
      <subfield code="a">LUI</subfield>
    </datafield>
    <datafield tag="670" ind1=" " ind2=" ">
      <subfield code="a">Archivio Biogr. Ital. (WBIS)</subfield>
    </datafield>
    <datafield tag="670" ind1=" " ind2=" ">
      <subfield code="a">M</subfield>
    </datafield>
    <datafield tag="670" ind1=" " ind2=" ">
      <subfield code="a">LCAuth</subfield>
    </datafield>
    <datafield tag="670" ind1=" " ind2=" ">
      <subfield code="a">Thieme-Becker, LUI, M, LCAuth</subfield>
    </datafield>
    <datafield tag="672" ind1=" " ind2="0">
      <subfield code="a">Scamozzi, Vincenzo: Discorsi sopra l'antichità di Roma</subfield>
      <subfield code="f">1582</subfield>
    </datafield>
    <datafield tag="672" ind1=" " ind2="0">
      <subfield code="a">Scamozzi, Vincenzo: L' idea della architettura universale</subfield>
      <subfield code="f">1615</subfield>
    </datafield>
    <datafield tag="672" ind1=" " ind2="0">
      <subfield code="a">Scamozzi, Vincenzo: Het Voorbeelt der algemeene Bauwkonst</subfield>
      <subfield code="f">1658</subfield>
    </datafield>
    <datafield tag="672" ind1=" " ind2="0">
      <subfield code="a">Scamozzi, Vincenzo: Grontregulen der Bouw-Const. - 1658 - 1661</subfield>
    </datafield>
    <datafield tag="672" ind1=" " ind2="0">
      <subfield code="a">Scamozzi, Vincenzo: Les cinq ordres d'architecture</subfield>
      <subfield code="f">1685</subfield>
    </datafield>
    <datafield tag="672" ind1=" " ind2="0">
      <subfield code="a">Scamozzi, Vincenzo: L' idea della architettura universale</subfield>
      <subfield code="f">1678</subfield>
    </datafield>
    <datafield tag="672" ind1=" " ind2="0">
      <subfield code="a">Scamozzi, Vincenzo: Klärliche Beschreibung der fünf Säulen-Ordnungen</subfield>
      <subfield code="f">1697</subfield>
    </datafield>
    <datafield tag="672" ind1=" " ind2="0">
      <subfield code="a">Scamozzi, Vincenzo: The mirrour of architecture</subfield>
      <subfield code="f">1687</subfield>
    </datafield>
    <datafield tag="672" ind1=" " ind2="0">
      <subfield code="a">Scamozzi, Vincenzo: The mirrour of architecture</subfield>
      <subfield code="f">1669</subfield>
    </datafield>
    <datafield tag="672" ind1=" " ind2="0">
      <subfield code="a">Scamozzi, Vincenzo: Cort onderwys van de vyf Colomnen</subfield>
      <subfield code="f">1657</subfield>
    </datafield>
    <datafield tag="678" ind1=" " ind2=" ">
      <subfield code="b">Ital. Architekt, Architekturtheoretiker und Schriftsteller</subfield>
    </datafield>
    <datafield tag="678" ind1=" " ind2=" ">
      <subfield code="b">Architekt</subfield>
    </datafield>
    <datafield tag="700" ind1="1" ind2="7">
      <subfield code="a">Scamozzi, Vincenzo</subfield>
      <subfield code="d">1548-1616</subfield>
      <subfield code="0">(DLC)n 84118718</subfield>
      <subfield code="2">naf</subfield>
      <subfield code="9">v:1552-1616</subfield>
    </datafield>
    <datafield tag="913" ind1=" " ind2=" ">
      <subfield code="S">pnd</subfield>
      <subfield code="i">a</subfield>
      <subfield code="a">Scamozzi, Vincenzo</subfield>
      <subfield code="0">(DE-588a)118794817</subfield>
    </datafield>
  </record>
